<?xml version="1.0" encoding="UTF-8"?><collection xmlns="http://www.loc.gov/MARC21/slim"><record><leader>00432nam--2200133-i-4500</leader><controlfield tag="001">000014522</controlfield><controlfield tag="002">20161230</controlfield><controlfield tag="005">20161230201030</controlfield><controlfield tag="008">060222s1000------------r-----000-0-eng-d</controlfield><datafield ind1=" " ind2=" " tag="245"><subfield code="a">Nuclear geophysics. selected papers en applica tions of nuclear techniques in mineral explora tion, mining and process control</subfield></datafield><datafield ind1=" " ind2=" " tag="260"><subfield code="a">Oxford, Pergamon Press, 1983</subfield></datafield><datafield ind1=" " ind2=" " tag="490"><subfield code="a">Vii + 479 P</subfield></datafield><datafield ind1=" " ind2=" " tag="700"><subfield code="a">Clayton, C.G</subfield></datafield><datafield ind1=" " ind2=" " tag="852"><subfield code="a">550.3:621.039.9:550.8</subfield></datafield></record></collection>